@article{miller2019,
title = {Explanation in artificial intelligence: Insights from the social sciences},
journal = {Artificial Intelligence},
volume = {267},
pages = {1-38},
year = {2019},
issn = {0004-3702},
doi = {https://doi.org/10.1016/j.artint.2018.07.007},
url = {https://www.sciencedirect.com/science/article/pii/S0004370218305988},
author = {Tim Miller}
}

@inproceedings{jacovi-goldberg-2020-towards,
    title = {Towards Faithfully Interpretable NLP Systems: How Should We Define and Evaluate Faithfulness?},
    author = {Jacovi, Alon  and Goldberg, Yoav},
    booktitle = "Proceedings of the 58th Annual Meeting of the Association for Computational Linguistics",
    year = {2020},
    address = {Online},
    publisher = {Association for Computational Linguistics},
    url = {https://www.aclweb.org/anthology/2020.acl-main.386},
    doi = {10.18653/v1/2020.acl-main.386},
    pages = {4198-4205},
}

@Article{rudin2019stop,
    author={Rudin, Cynthia},
    title={Stop explaining black box machine learning models for high stakes decisions and use interpretable models instead},
    journal={Nature Machine Intelligence},
    year={2019},
    month={May},
    day={01},
    volume={1},
    number={5},
    pages={206-215},
    issn={2522-5839},
    doi={10.1038/s42256-019-0048-x},
    url={https://doi.org/10.1038/s42256-019-0048-x}
}

@inproceedings{panigrahietal2019word2sense,
    title={Word2Sense: sparse interpretable word embeddings},
    author={Panigrahi, Abhishek and Simhadri, Harsha Vardhan and Bhattacharyya, Chiranjib},
    booktitle={Proceedings of the 57th Annual Meeting of the Association for Computational Linguistics},
    year = {2019},
    address = {Online},
    publisher = {Association for Computational Linguistics},
    url = {https://www.aclweb.org/anthology/P19-1570},
    doi = {10.18653/v1/P19-1570},
    pages = {5692-5705},
}

@inproceedings{jangmyaeng2017elucidating,
    title = {Elucidating Conceptual Properties from Word Embeddings},
    author = {Jang, Kyoung-Rok and Myaeng, Sung-Hyon},
    booktitle = "Proceedings of the 1st Workshop on Sense, Concept and Entity Representations and their Applications",
    year = {2017},
    address = {Online},
    publisher = {Association for Computational Linguistics},
    url = {https://www.aclweb.org/anthology/W17-1911},
    doi = {10.18653/v1/W17-1911},
    pages = {91-95},
}
    
@article{senel2018,
  author={Şenel, Lütfi Kerem and Utlu, İhsan and Yücesoy, Veysel and Koç, Aykut and Çukur, Tolga},
  journal={IEEE/ACM Transactions on Audio, Speech, and Language Processing}, 
  title={Semantic Structure and Interpretability of Word Embeddings}, 
  year={2018},
  volume={26},
  number={10},
  pages={1769-1779},
  doi={10.1109/TASLP.2018.2837384}
}

@article{altszyler2017interpretation,
    title = {The interpretation of dream meaning: Resolving ambiguity using Latent Semantic Analysis in a small corpus of text},
    journal = {Consciousness and Cognition},
    volume = {56},
    pages = {178-187},
    year = {2017},
    issn = {1053-8100},
    doi = {https://doi.org/10.1016/j.concog.2017.09.004},
    url = {https://www.sciencedirect.com/science/article/pii/S1053810017301034},
    author = {Edgar Altszyler and Sidarta Ribeiro and Mariano Sigman and Diego {Fernández Slezak}}
}

@Article{galvez2018half,
    author={G{\'a}lvez, Ramiro H.
    and Tiffenberg, Valeria
    and Altszyler, Edgar},
    title={Half a Century of Stereotyping Associations Between Gender and Intellectual Ability in Films},
    journal={Sex Roles},
    year={2019},
    month={Nov},
    day={01},
    volume={81},
    number={9},
    pages={643-654},
    issn={1573-2762},
    doi={10.1007/s11199-019-01019-x},
    url={https://doi.org/10.1007/s11199-019-01019-x}
}

@book{fano1961transmission,
  title={Transmission of Information: A Statistical Theory of Communication},
  author={Fano, Robert M},
  publisher={MIT Press},
  year={1961}
}

@Article{lenton2009latent,
    author={Lenton, Alison P.
    and Sedikides, Constantine
    and Bruder, Martin},
    title={A Latent Semantic Analysis of Gender Stereotype-Consistency and Narrowness in American English},
    journal={Sex Roles},
    year={2009},
    month={Feb},
    day={01},
    volume={60},
    number={3},
    pages={269-278},
    issn={1573-2762},
    doi={10.1007/s11199-008-9534-z},
    url={https://doi.org/10.1007/s11199-008-9534-z}
}

@article{harris1954distributional,
    author = {Zellig S. Harris},
    title = {Distributional Structure},
    journal = {WORD},
    volume = {10},
    number = {2-3},
    pages = {146-162},
    year  = {1954},
    publisher = {Routledge},
    doi = {10.1080/00437956.1954.11659520},
    URL = { https://doi.org/10.1080/00437956.1954.11659520},
    eprint = {https://doi.org/10.1080/00437956.1954.11659520}
}

@article{church1990word,
    title = "Word Association Norms, Mutual Information, and Lexicography",
    author = "Church, Kenneth Ward  and
      Hanks, Patrick",
    journal = "Computational Linguistics",
    volume = "16",
    number = "1",
    year = "1990",
    url = "https://aclanthology.org/J90-1003",
    pages = "22--29",
}

@article{garg2018word,
	author = {Garg, Nikhil and Schiebinger, Londa and Jurafsky, Dan and Zou, James},
	title = {Word embeddings quantify 100 years of gender and ethnic stereotypes},
	volume = {115},
	number = {16},
	pages = {E3635--E3644},
	year = {2018},
	doi = {10.1073/pnas.1720347115},
	publisher = {National Academy of Sciences},
	issn = {0027-8424},
	URL = {https://www.pnas.org/content/115/16/E3635},
	eprint = {https://www.pnas.org/content/115/16/E3635.full.pdf},
	journal = {Proceedings of the National Academy of Sciences}
}

@article{tahmasebi_survey,
  author    = {Nina Tahmasebi and
               Lars Borin and
               Adam Jatowt},
  title     = {Survey of Computational Approaches to Diachronic Conceptual Change},
  journal   = {arXiv},
  year      = {2018},
  url       = {http://arxiv.org/abs/1811.06278},
}

@inproceedings{hamilton2016diachronic,
    title = "Diachronic Word Embeddings Reveal Statistical Laws of Semantic Change",
    author = "Hamilton, William L.  and
      Leskovec, Jure  and
      Jurafsky, Dan",
    booktitle = "Proceedings of the 54th Annual Meeting of the Association for Computational Linguistics (Volume 1: Long Papers)",
    month = aug,
    year = "2016",
    address = "Berlin, Germany",
    publisher = "Association for Computational Linguistics",
    url = "https://aclanthology.org/P16-1141",
    doi = "10.18653/v1/P16-1141",
    pages = "1489--1501",
}

@inproceedings{kulkarni2015statistically,
    author = {Kulkarni, Vivek and Al-Rfou, Rami and Perozzi, Bryan and Skiena, Steven},
    title = {Statistically Significant Detection of Linguistic Change},
    year = {2015},
    isbn = {9781450334693},
    publisher = {International World Wide Web Conferences Steering Committee},
    address = {Republic and Canton of Geneva, CHE},
    url = {https://doi.org/10.1145/2736277.2741627},
    doi = {10.1145/2736277.2741627},
    booktitle = {Proceedings of the 24th International Conference on World Wide Web},
    pages = {625–635},
    numpages = {11},
    location = {Florence, Italy},
    series = {WWW '15}
}

@article{revonsuo2000reinterpretation,
  title={The reinterpretation of dreams: An evolutionary hypothesis of the function of dreaming},
  author={Revonsuo, Antti},
  journal={Behavioral and Brain Sciences},
  volume={23},
  number={6},
  pages={877--901},
  year={2000},
  publisher={Cambridge University Press}
}

@inproceedings{turney2002thumbs,
    title = "Thumbs Up or Thumbs Down? Semantic Orientation Applied to Unsupervised Classification of Reviews",
    author = "Turney, Peter",
    booktitle = "Proceedings of the 40th Annual Meeting of the Association for Computational Linguistics",
    month = jul,
    year = "2002",
    address = "Philadelphia, Pennsylvania, USA",
    publisher = "Association for Computational Linguistics",
    url = "https://aclanthology.org/P02-1053",
    doi = "10.3115/1073083.1073153",
    pages = "417--424",
}


@article{sagi2013identifying,
  title={Identifying issue frames in text},
  author={Sagi, Eyal and Diermeier, Daniel and Kaufmann, Stefan},
  journal={PLoS one},
  volume={8},
  number={7},
  pages={e69185},
  year={2013},
  publisher={Public Library of Science}
}

@book{agresti2007introduction,
  title={An introduction to categorical data analysis},
  author={Agresti, Alan},
  year={2007},
  publisher={Wiley}
}

@inproceedings{pennington2014glove,
  author = {Jeffrey Pennington and Richard Socher and Christopher D. Manning},
  booktitle = {Empirical Methods in Natural Language Processing (EMNLP)},
  title = {GloVe: Global Vectors for Word Representation},
  year = {2014},
  pages = {1532--1543},
  url = {http://www.aclweb.org/anthology/D14-1162},
}

@inproceedings{mikolov2013distributed,
    author = {Mikolov, Tomas and Sutskever, Ilya and Chen, Kai and Corrado, Greg S and Dean, Jeff},
    booktitle = {Advances in Neural Information Processing Systems},
    editor = {C. J. C. Burges and L. Bottou and M. Welling and Z. Ghahramani and K. Q. Weinberger},
    pages = {},
    publisher = {Curran Associates, Inc.},
    title = {Distributed Representations of Words and Phrases and their Compositionality},
    url = {https://proceedings.neurips.cc/paper/2013/file/9aa42b31882ec039965f3c4923ce901b-Paper.pdf},
    volume = {26},
    year = {2013}
}

@article{caliskan2017semantics,
    author = {Aylin Caliskan  and Joanna J. Bryson  and Arvind Narayanan },
    title = {Semantics derived automatically from language corpora contain human-like biases},
    journal = {Science},
    volume = {356},
    number = {6334},
    pages = {183-186},
    year = {2017},
    doi = {10.1126/science.aal4230},
    URL = {https://www.science.org/doi/abs/10.1126/science.aal4230},
    eprint = {https://www.science.org/doi/pdf/10.1126/science.aal4230}
}

@inproceedings{font2019equalizing,
  title={Equalizing Gender Bias in Neural Machine Translation with Word Embeddings Techniques},
  author={Font, Joel Escud{\'e} and Costa-juss{\`a}, Marta R},
  booktitle={Proceedings of the First Workshop on Gender Bias in Natural Language Processing},
  pages={147--154},
  year={2019}
}

@article{greenwald1998measuring,
  title={Measuring individual differences in implicit cognition: the implicit association test.},
  author={Greenwald, Anthony G and McGhee, Debbie E and Schwartz, Jordan LK},
  journal={Journal of personality and social psychology},
  volume={74},
  number={6},
  pages={1464},
  year={1998},
  publisher={American Psychological Association}
}

@book{jurafsky2000speech,
    author = {Jurafsky, Daniel and Martin, James H.},
    title = {Speech and Language Processing (2nd Edition)},
    year = {2009},
    isbn = {0131873210},
    publisher = {Prentice-Hall, Inc.},
    address = {USA}
}

@article{charlesworth2021gender,
  title={Gender Stereotypes in Natural Language: Word Embeddings Show Robust Consistency Across Child and Adult Language Corpora of More Than 65 Million Words},
  author={Charlesworth, Tessa ES and Yang, Victor and Mann, Thomas C and Kurdi, Benedek and Banaji, Mahzarin R},
  journal={Psychological Science},
  volume={32},
  number={2},
  pages={218--240},
  year={2021},
  doi={10.1177/0956797620963619},
  publisher={SAGE Publications Sage CA: Los Angeles, CA}
}

@article{lewis2020gender,
    author={Lewis, Molly
    and Lupyan, Gary},
    title={Gender stereotypes are reflected in the distributional structure of 25 languages},
    journal={Nature Human Behaviour},
    year={2020},
    month={Oct},
    day={01},
    volume={4},
    number={10},
    pages={1021-1028},
    issn={2397-3374},
    doi={10.1038/s41562-020-0918-6},
    url={https://doi.org/10.1038/s41562-020-0918-6}
}

@Article{defranza2020language,
    author={DeFranza, David
    and Mishra, Himanshu
    and Mishra, Arul},
    title={How language shapes prejudice against women: An examination across 45 world languages.},
    journal={Journal of Personality and Social Psychology},
    year={2020},
    publisher={American Psychological Association},
    address={US},
    volume={119},
    number={1},
    pages={7-22},
    doi={10.1037/pspa0000188},
    url={https://doi.org/10.1037/pspa0000188}
}


@inproceedings{schmahl2020wikipedia,
  title={Is Wikipedia succeeding in reducing gender bias? Assessing changes in gender bias in Wikipedia using word embeddings},
  author={Schmahl, Katja Geertruida and Viering, Tom Julian and Makrodimitris, Stavros and Jahfari, Arman Naseri and Tax, David and Loog, Marco},
  booktitle={Proceedings of the Fourth Workshop on Natural Language Processing and Computational Social Science},
  pages={94--103},
  year={2020}
}

@inproceedings{brunet2019understanding,
  title = 	 {Understanding the Origins of Bias in Word Embeddings},
  author =       {Brunet, Marc-Etienne and Alkalay-Houlihan, Colleen and Anderson, Ashton and Zemel, Richard},
  booktitle = 	 {Proceedings of the 36th International Conference on Machine Learning},
  pages = 	 {803--811},
  year = 	 {2019},
  editor = 	 {Chaudhuri, Kamalika and Salakhutdinov, Ruslan},
  volume = 	 {97},
  series = 	 {Proceedings of Machine Learning Research},
  month = 	 {09--15 Jun},
  publisher =    {PMLR},
  pdf = 	 {http://proceedings.mlr.press/v97/brunet19a/brunet19a.pdf},
  url = 	 {https://proceedings.mlr.press/v97/brunet19a.html},

}

@article{rekabsaz2021measuring,
      title={Measuring Societal Biases from Text Corpora with Smoothed First-Order Co-occurrence}, 
      author={Navid Rekabsaz and Robert West and James Henderson and Allan Hanbury},
      year={2021},
      journal={Computing Research Repository},
      volume={arXiv:1812.10424},
      url={http://arxiv.org/abs/1812.10424} 
}

@inproceedings{altszyler2018corpus,
    title = "Corpus Specificity in {LSA} and Word2vec: The Role of Out-of-Domain Documents",
    author = "Altszyler, Edgar  and
      Sigman, Mariano  and
      Fern{\'a}ndez Slezak, Diego",
    booktitle = "Proceedings of The Third Workshop on Representation Learning for {NLP}",
    month = jul,
    year = "2018",
    address = "Melbourne, Australia",
    publisher = "Association for Computational Linguistics",
    url = "https://aclanthology.org/W18-3001",
    doi = "10.18653/v1/W18-3001",
    pages = "1--10"
}

@article{chen2020media,
  title={Media images and the gendered representation of chefs},
  author={Chen, Beverly and McIntosh, Alison and Harris, Candice and Goodsir, Warren},
  journal={Research in Hospitality Management},
  volume={10},
  number={1},
  pages={1--6},
  year={2020},
  publisher={Taylor \& Francis}
}

@article{levy2015improving,
    author = {Levy, Omer and Goldberg, Yoav and Dagan, Ido},
    title = {Improving Distributional Similarity with Lessons Learned from Word Embeddings},
    journal = {Transactions of the Association for Computational Linguistics},
    volume = {3},
    pages = {211-225},
    year = {2015},
    month = {05},
    issn = {2307-387X},
    doi = {10.1162/tacl_a_00134},
    url = {https://doi.org/10.1162/tacl\_a\_00134},
    eprint = {https://direct.mit.edu/tacl/article-pdf/doi/10.1162/tacl\_a\_00134/1566742/tacl\_a\_00134.pdf},
}

@book{landauer2013handbook,
  title={Handbook of latent semantic analysis},
  author={Landauer, Thomas K and McNamara, Danielle S and Dennis, Simon and Kintsch, Walter},
  year={2013},
  publisher={Psychology Press}
}

@inproceedings{ethayarajh2019understanding,
    title = "Understanding Undesirable Word Embedding Associations",
    author = "Ethayarajh, Kawin  and
      Duvenaud, David  and
      Hirst, Graeme",
    booktitle = "Proceedings of the 57th Annual Meeting of the Association for Computational Linguistics",
    month = jul,
    year = "2019",
    address = "Florence, Italy",
    publisher = "Association for Computational Linguistics",
    url = "https://aclanthology.org/P19-1166",
    doi = "10.18653/v1/P19-1166",
    pages = "1696--1705"
}

@inproceedings{levy2014neural,
    author = {Levy, Omer and Goldberg, Yoav},
    booktitle = {Advances in Neural Information Processing Systems},
    editor = {Z. Ghahramani and M. Welling and C. Cortes and N. Lawrence and K. Q. Weinberger},
    pages = {},
    publisher = {Curran Associates, Inc.},
    title = {Neural Word Embedding as Implicit Matrix Factorization},
    url = {https://proceedings.neurips.cc/paper/2014/file/feab05aa91085b7a8012516bc3533958-Paper.pdf},
    volume = {27},
    year = {2014}
}

@inproceedings{rehurek2010gensim,
      title = {{Software Framework for Topic Modelling with Large Corpora}},
      author = {Radim {\v R}eh{\r u}{\v r}ek and Petr Sojka},
      booktitle = {{Proceedings of the LREC 2010 Workshop on New Challenges for NLP Frameworks}},
      pages = {45--50},
      year = 2010,
      month = May,
      day = 22,
      publisher = {ELRA},
      address = {Valletta, Malta},
      note={\url{http://is.muni.cz/publication/884893/en}},
      language={English}
}

@inproceedings{schlechtweg2019second,
    title = "Second-order Co-occurrence Sensitivity of Skip-Gram with Negative Sampling",
    author = "Schlechtweg, Dominik  and
      Oguz, Cennet  and
      Schulte im Walde, Sabine",
    booktitle = "Proceedings of the 2019 ACL Workshop BlackboxNLP: Analyzing and Interpreting Neural Networks for NLP",
    month = aug,
    year = "2019",
    address = "Florence, Italy",
    publisher = "Association for Computational Linguistics",
    url = "https://aclanthology.org/W19-4803",
    doi = "10.18653/v1/W19-4803",
    pages = "24--30"
}

@article{bian2017gender,
  title={Gender stereotypes about intellectual ability emerge early and influence children’s interests},
  author={Bian, Lin and Leslie, Sarah-Jane and Cimpian, Andrei},
  journal={Science},
  volume={355},
  number={6323},
  pages={389--391},
  year={2017},
  publisher={American Association for the Advancement of Science}
}

@inproceedings{bordia2019identifying,
    title = "Identifying and Reducing Gender Bias in Word-Level Language Models",
    author = "Bordia, Shikha  and
      Bowman, Samuel R.",
    booktitle = "Proceedings of the 2019 Conference of the North {A}merican Chapter of the Association for Computational Linguistics: Student Research Workshop",
    month = jun,
    year = "2019",
    address = "Minneapolis, Minnesota",
    publisher = "Association for Computational Linguistics",
    url = "https://aclanthology.org/N19-3002",
    doi = "10.18653/v1/N19-3002",
    pages = "7--15",
}

@Article{north2002note,
    author={North, B. V.
    and Curtis, D.
    and Sham, P. C.},
    title={A Note on the Calculation of Empirical P Values from Monte Carlo Procedures},
    journal={The American Journal of Human Genetics},
    year={2002},
    month={Aug},
    day={01},
    publisher={Elsevier},
    volume={71},
    number={2},
    pages={439-441},
    issn={0002-9297},
    doi={10.1086/341527},
    url={https://doi.org/10.1086/341527}
}

@inproceedings{bolukbasi2016man,
     author = {Bolukbasi, Tolga and Chang, Kai-Wei and Zou, James Y and Saligrama, Venkatesh and Kalai, Adam T},
     booktitle = {Advances in Neural Information Processing Systems},
     editor = {D. Lee and M. Sugiyama and U. Luxburg and I. Guyon and R. Garnett},
     pages = {},
     publisher = {Curran Associates, Inc.},
     title = {Man is to Computer Programmer as Woman is to Homemaker? Debiasing Word Embeddings},
     url = {https://proceedings.neurips.cc/paper/2016/file/a486cd07e4ac3d270571622f4f316ec5-Paper.pdf},
     volume = {29},
     year = {2016}
}

@article{antoniak-mimno-2018-evaluating,
    title = "Evaluating the Stability of Embedding-based Word Similarities",
    author = "Antoniak, Maria  and
      Mimno, David",
    journal = "Transactions of the Association for Computational Linguistics",
    volume = "6",
    year = "2018",
    url = "https://aclanthology.org/Q18-1008",
    doi = "10.1162/tacl_a_00008",
    pages = "107--119",
}

@article{monroe2008fightin,
  title={Fightin'words: Lexical feature selection and evaluation for identifying the content of political conflict},
  author={Monroe, Burt L and Colaresi, Michael P and Quinn, Kevin M},
  journal={Political Analysis},
  volume={16},
  number={4},
  pages={372--403},
  year={2008},
  publisher={Cambridge University Press}
}

@inproceedings{rayson2000comparing,
  title={Comparing corpora using frequency profiling},
  author={Rayson, Paul and Garside, Roger},
  booktitle={The workshop on comparing corpora},
  pages={1--6},
  year={2000}
}

@inproceedings{potts2010negativity,
  title={On the negativity of negation},
  author={Potts, Christopher},
  booktitle={Semantics and Linguistic Theory},
  volume={20},
  pages={636--659},
  year={2010}
}

@book{agresti2003categorical,
  title={Categorical data analysis},
  author={Agresti, Alan},
  volume={482},
  year={2003},
  publisher={John Wiley \& Sons}
}

@article{benjamini1995correction,
  title = {Controlling the False Discovery Rate: A Practical and Powerful Approach
	to Multiple Testing},
  author = {Benjamini, Yoav and Hochberg, Yosef},
  doi = {http://dx.doi.org/10.2307/2346101},
  journal = {Journal of the Royal Statistical Society Series B (Methodological)},
  number = 1,
  pages = {289-300},
  url = {http://dx.doi.org/10.2307/2346101},
  volume = 57,
  year = 1995
}

@article{scott2019glasgow,
    title = "The {G}lasgow {N}orms: Ratings of 5,500 words on nine scales",
    author = "Scott, {Graham G} and Anne Keitel and Marc Becirspahic and Bo Yao and Sereno, {Sara C}",
    year = "2019",
    month = jun,
    doi = "10.3758/s13428-018-1099-3",
    url = {https://link.springer.com/article/10.3758/s13428-018-1099-3},
    language = "English",
    volume = "51",
    pages = "1258--1270",
    journal = "Behavior Research Methods",
    issn = "1554-351X",
    publisher = "Springer Nature",
}


@inproceedings{lison2016opensubtitles,
    title = "{O}pen{S}ubtitles2016: Extracting Large Parallel Corpora from Movie and {TV} Subtitles",
    author = {Lison, Pierre  and
      Tiedemann, J{\"o}rg},
    booktitle = "Proceedings of the Tenth International Conference on Language Resources and Evaluation ({LREC}'16)",
    month = may,
    year = "2016",
    address = "Portoro{\v{z}}, Slovenia",
    publisher = "European Language Resources Association (ELRA)",
    url = "https://aclanthology.org/L16-1147",
    pages = "923--929",
}

@Article{vanparidon2021subs,
    author={van Paridon, Jeroen and Thompson, Bill},
    title={subs2vec: Word embeddings from subtitles in 55 languages},
    journal={Behavior Research Methods},
    year={2021},
    month={Apr},
    day={01},
    volume={53},
    number={2},
    pages={629-655},
    issn={1554-3528},
    doi={10.3758/s13428-020-01406-3},
    url={https://doi.org/10.3758/s13428-020-01406-3}
}

@inproceedings{aka2021measuring,
	author = {Osman Aka and Ken Burke and Alex Bauerle and Christina Greer and Margaret Mitchell},
	title = {Measuring Model Biases in the Absence of Ground Truth},
  	doi = {10.1145/3461702.3462557},
  	url = {"https://doi.org/10.1145\%2F3461702.3462557"},
  	year = 2021,
	month = {jul},
  	publisher = {{ACM}},
  	booktitle = {Proceedings of the 2021 {AAAI}/{ACM} Conference on {AI}, Ethics, and Society},
}

@book{davison1997bootstrap, 
    place={Cambridge}, 
    series={Cambridge Series in Statistical and Probabilistic Mathematics},
    title={Bootstrap Methods and their Application}, DOI={10.1017/CBO9780511802843}, 
    publisher={Cambridge University Press}, 
    author={Davison, A. C. and Hinkley, D. V.}, 
    year={1997}, 
    collection={Cambridge Series in Statistical and Probabilistic Mathematics}
}


@inproceedings{gonen2019lipstick,
    title = "Lipstick on a Pig: {D}ebiasing Methods Cover up Systematic Gender Biases in Word Embeddings But do not Remove Them",
    author = "Gonen, Hila  and
      Goldberg, Yoav",
    booktitle = "Proceedings of the 2019 Conference of the North {A}merican Chapter of the Association for Computational Linguistics: Human Language Technologies, Volume 1 (Long and Short Papers)",
    month = jun,
    year = "2019",
    address = "Minneapolis, Minnesota",
    publisher = "Association for Computational Linguistics",
    url = "https://aclanthology.org/N19-1061",
    doi = "10.18653/v1/N19-1061",
    pages = "609--614"
}

@inproceedings{zhao2017men,
    title = "Men Also Like Shopping: Reducing Gender Bias Amplification using Corpus-level Constraints",
    author = "Zhao, Jieyu  and
      Wang, Tianlu  and
      Yatskar, Mark  and
      Ordonez, Vicente  and
      Chang, Kai-Wei",
    booktitle = "Proceedings of the 2017 Conference on Empirical Methods in Natural Language Processing",
    month = sep,
    year = "2017",
    address = "Copenhagen, Denmark",
    publisher = "Association for Computational Linguistics",
    url = "https://aclanthology.org/D17-1323",
    doi = "10.18653/v1/D17-1323",
    pages = "2979--2989"
}


@article{garrido2021survey,
  title={A survey on bias in deep {NLP}},
  author={Garrido-Mu{\~n}oz, Ismael and Montejo-R{\'a}ez, Arturo and Mart{\'\i}nez-Santiago, Fernando and Ure{\~n}a-L{\'o}pez, L Alfonso},
  journal={Applied Sciences},
  volume={11},
  number={7},
  pages={3184},
  year={2021},
  publisher={Multidisciplinary Digital Publishing Institute},
  url = {https://www.mdpi.com/2076-3417/11/7/3184},
  doi = {10.3390/app11073184}
}

@article{kozlowski2019geometry,
    author = {Austin C. Kozlowski and Matt Taddy and James A. Evans},
    title ={The Geometry of Culture: Analyzing the Meanings of Class through Word Embeddings},
    journal = {American Sociological Review},
    volume = {84},
    number = {5},
    pages = {905-949},
    year = {2019},
    doi = {10.1177/0003122419877135},
    URL = { https://doi.org/10.1177/0003122419877135},
    eprint = { https://doi.org/10.1177/0003122419877135}
}

@article {jones2020stereotypical,
    author = {Jason J. Jones and Mohammad Ruhul Amin and Jessica Kim and Steven Skiena },
    title = {Stereotypical Gender Associations in Language Have Decreased Over Time},
    journal = {Sociological Science},
    volume = {7},
    number = {1},
    issn = {2330-6696},
    url = {http://dx.doi.org/10.15195/v7.a1},
    doi = {10.15195/v7.a1},
    pages = {1--35},
    year = {2020}
}

@inproceedings{devlin2019bert,
    title = "{BERT}: Pre-training of Deep Bidirectional Transformers for Language Understanding",
    author = "Devlin, Jacob  and
      Chang, Ming-Wei  and
      Lee, Kenton  and
      Toutanova, Kristina",
    booktitle = "Proceedings of the 2019 Conference of the North {A}merican Chapter of the Association for Computational Linguistics: Human Language Technologies, Volume 1 (Long and Short Papers)",
    month = jun,
    year = "2019",
    address = "Minneapolis, Minnesota",
    publisher = "Association for Computational Linguistics",
    url = "https://aclanthology.org/N19-1423",
    doi = "10.18653/v1/N19-1423",
    pages = "4171--4186",
}

@article{bojanowski2017enriching,
    title = "Enriching Word Vectors with Subword Information",
    author = "Bojanowski, Piotr  and
      Grave, Edouard  and
      Joulin, Armand  and
      Mikolov, Tomas",
    journal = "Transactions of the Association for Computational Linguistics",
    volume = "5",
    year = "2017",
    address = "Cambridge, MA",
    publisher = "MIT Press",
    url = "https://aclanthology.org/Q17-1010",
    doi = "10.1162/tacl_a_00051",
    pages = "135--146"
}

@article{duchi2011adaptive,
  author  = {John Duchi and Elad Hazan and Yoram Singer},
  title   = {Adaptive Subgradient Methods for Online Learning and Stochastic Optimization},
  journal = {Journal of Machine Learning Research},
  year    = {2011},
  volume  = {12},
  number  = {61},
  pages   = {2121--2159},
  url     = {http://jmlr.org/papers/v12/duchi11a.html}
}

@inproceedings{toney2021valnorm,
    title = "{V}al{N}orm Quantifies Semantics to Reveal Consistent Valence Biases Across Languages and Over Centuries",
    author = "Toney, Autumn  and
      Caliskan, Aylin",
    booktitle = "Proceedings of the 2021 Conference on Empirical Methods in Natural Language Processing",
    month = nov,
    year = "2021",
    address = "Online and Punta Cana, Dominican Republic",
    publisher = "Association for Computational Linguistics",
    url = "https://aclanthology.org/2021.emnlp-main.574",
    doi = "10.18653/v1/2021.emnlp-main.574",
    pages = "7203--7218",
}

@article{warriner2013norms,
  title={Norms of valence, arousal, and dominance for 13,915 English lemmas},
  author={Warriner, Amy Beth and Kuperman, Victor and Brysbaert, Marc},
  journal={Behavior research methods},
  volume={45},
  pages={1191--1207},
  year={2013},
  publisher={Springer}
}

@inproceedings{valentini2023problems,
    title = {{On the Interpretability and Significance of Bias Metrics in Texts: a PMI-based Approach}},
    author = "Valentini, Francisco  and
      Rosati, Germ{\'a}n  and
      Blasi, Dami{\'a}n  and
      Fernandez Slezak, Diego  and
      Altszyler, Edgar",
    booktitle = "Proceedings of the 61st Annual Meeting of the Association for Computational Linguistics (Volume 2: Short Papers)",
    month = july,
    year = "2023",
    address = "Toronto, Canada",
    publisher = "Association for Computational Linguistics",
}
    % url = "https://aclanthology.org/2022.acl-short.45",
    % doi = "10.18653/v1/2022.acl-short.45",
    % pages = "401--423",


@inproceedings{valentini2022undesirable,
    title = "The Undesirable Dependence on Frequency of Gender Bias Metrics Based on Word Embeddings",
    author = "Valentini, Francisco  and
      Rosati, Germ{\'a}n  and
      Slezak, Diego Fernandez  and
      Altszyler, Edgar",
    booktitle = "Findings of the Association for Computational Linguistics: EMNLP 2022",
    month = dec,
    year = "2022",
    publisher = "Association for Computational Linguistics",
}

@article{lu2020gender,
  title={Gender bias in neural natural language processing},
  author={Lu, Kaiji and Mardziel, Piotr and Wu, Fangjing and Amancharla, Preetam and Datta, Anupam},
  journal={Logic, Language, and Security: Essays Dedicated to Andre Scedrov on the Occasion of His 65th Birthday},
  pages={189--202},
  year={2020},
  publisher={Springer}
}

@inproceedings{blodgett2020language,
    title = "Language (Technology) is Power: A Critical Survey of {``}Bias{''} in {NLP}",
    author = "Blodgett, Su Lin  and
      Barocas, Solon  and
      Daum{\'e} III, Hal  and
      Wallach, Hanna",
    booktitle = "Proceedings of the 58th Annual Meeting of the Association for Computational Linguistics",
    month = jul,
    year = "2020",
    address = "Online",
    publisher = "Association for Computational Linguistics",
    url = "https://aclanthology.org/2020.acl-main.485",
    doi = "10.18653/v1/2020.acl-main.485",
    pages = "5454--5476",
}

@inproceedings{kiritchenko2018examining,
    title = "Examining Gender and Race Bias in Two Hundred Sentiment Analysis Systems",
    author = "Kiritchenko, Svetlana  and
      Mohammad, Saif",
    booktitle = "Proceedings of the Seventh Joint Conference on Lexical and Computational Semantics",
    month = jun,
    year = "2018",
    address = "New Orleans, Louisiana",
    publisher = "Association for Computational Linguistics",
    url = "https://aclanthology.org/S18-2005",
    doi = "10.18653/v1/S18-2005",
    pages = "43--53",
}

@inproceedings{zhao2018gender,
    title = "Gender Bias in Coreference Resolution: Evaluation and Debiasing Methods",
    author = "Zhao, Jieyu  and
      Wang, Tianlu  and
      Yatskar, Mark  and
      Ordonez, Vicente  and
      Chang, Kai-Wei",
    booktitle = "Proceedings of the 2018 Conference of the North {A}merican Chapter of the Association for Computational Linguistics: Human Language Technologies, Volume 2 (Short Papers)",
    month = jun,
    year = "2018",
    address = "New Orleans, Louisiana",
    publisher = "Association for Computational Linguistics",
    url = "https://aclanthology.org/N18-2003",
    doi = "10.18653/v1/N18-2003",
    pages = "15--20",
}

@inproceedings{hoyle2019unsupervised,
    title = "Unsupervised Discovery of Gendered Language through Latent-Variable Modeling",
    author = "Hoyle, Alexander Miserlis  and
      Wolf-Sonkin, Lawrence  and
      Wallach, Hanna  and
      Augenstein, Isabelle  and
      Cotterell, Ryan",
    booktitle = "Proceedings of the 57th Annual Meeting of the Association for Computational Linguistics",
    month = jul,
    year = "2019",
    address = "Florence, Italy",
    publisher = "Association for Computational Linguistics",
    url = "https://aclanthology.org/P19-1167",
    doi = "10.18653/v1/P19-1167",
    pages = "1706--1716"
}
